@article{AIGdC2014galex,
  title={A GALEX based search for the sparse young stellar population in the Taurus-Aurigae star forming region},
  author={G{\'o}mez de Castro, Ana I and Lopez-Santiago, Javier and L{\'o}pez-Mart{\'\i}nez, F{\'a}tima and S{\'a}nchez, N{\'e}stor and Sestito, Paola and De Castro, Elisa and Cornide, Manuel and Gestoso, Javier Ya{\~n}ez},
  journal={arXiv preprint arXiv:1412.3002},
  year={2014}
}

@article{de1997accretion,
  title={Accretion and UV variability in BP Tauri},
  author={G{\'o}mez de Castro, Ana I and Franqueira, M},
  journal={The Astrophysical Journal},
  volume={482},
  number={1},
  pages={465},
  year={1997},
  publisher={IOP Publishing}
}

@article{malkov2011scientific,
  title={Scientific program construction principles and time allocation scheme for the World Space Observatory—Ultraviolet mission},
  author={Malkov, Oleg and Sachkov, Mikhail and Shustov, Boris and Kaigorodov, Pavel and Y{\'a}{\~n}ez, Francisco Javier and De Castro, Ana Ines G{\'o}mez},
  journal={Astrophysics and space science},
  volume={335},
  number={1},
  pages={323--327},
  year={2011},
  publisher={Springer}
}

@article{park2012far,
  title={Far-ultraviolet Observation of the Aquila Rift with FIMS/SPEAR},
  author={Park, S-J and Min, K-W and Seon, K-I and Han, W and Lee, D-H and Edelstein, J},
  journal={The Astrophysical Journal},
  volume={754},
  number={1},
  pages={10},
  year={2012},
  publisher={IOP Publishing}
}

@phdthesis{krav2004,
  title={Анализ ультрафиолетовых спектров звезд типа Т Тельца},
  author={Кравцова, Александра Сергеевна},
  year={2004},
  school={МГУ им. МВ Ломоносова, Гос. астрон. ин-т им. ПК Штернберга М.}
}

@phdthesis{dod2013,
  title={Определение физических условий в аккреционных пятнах звезд типа T тельца на основе анализа их спектров},
  author={Додин, Александр Владимирович},
  year={2013},
  school={МГУ им. МВ Ломоносова, Гос. астрон. ин-т им. ПК Штернберга М.}
}
